@inproceedings{Alexandrov:Parallel,
 author = {Alexandrov, Alexander and Ewen, Stephan and Heimel, Max and Hueske, Fabian and Kao, Odej and Markl, Volker and Nijkamp, Erik and Warneke, Daniel},
 title = {{MapReduce} and {PACT} - Comparing Data Parallel Programming Models},
 booktitle = {Proceedings of the 14th Conference on Database Systems for Business, Technology, and Web (BTW)},
 series = {BTW 2011},
 year = {2011},
 isbn = {978-3-88579-274-1},
 location = {Kaiserslautern, Germany},
 pages = {25-44},
 doi = {},
 publisher = {GI},
 address = {Bonn, Germany},
 keywords = {}
}

@INPROCEEDINGS{Ghoting:SystemML, 
author={Ghoting, Amol and Krishnamurthy, R. and Pednault, E. and Reinwald, B. and Sindhwani, V. and Tatikonda, S. and Yuanyuan Tian and Vaithyanathan, S.}, 
booktitle={Data Engineering (ICDE), 2011 IEEE 27th International Conference on}, 
title={SystemML: Declarative machine learning on MapReduce}, 
year={2011}, 
pages={231-242}, 
keywords={data analysis;high level languages;learning (artificial intelligence);linear algebra;optimisation;parallel programming;SystemML;data cluster;declarative machine learning;higher level language;linear algebra;machine cluster;open source MapReduce;optimization strategy;parallel programming;supervised ML algorithm;unsupervised ML algorithm;Clustering algorithms;Computer architecture;Machine learning;Machine learning algorithms;Optimization;Runtime;Semantics}, 
doi={10.1109/ICDE.2011.5767930}, 
ISSN={1063-6382},}

@article{Ewen:Iterations,
 author = {Ewen, Stephan and Tzoumas, Kostas and Kaufmann, Moritz and Markl, Volker},
 title = {Spinning Fast Iterative Data Flows},
 journal = {Proc. VLDB Endow.},
 issue_date = {July 2012},
 volume = {5},
 number = {11},
 month = jul,
 year = {2012},
 issn = {2150-8097},
 pages = {1268--1279},
 numpages = {12},
 url = {http://dl.acm.org/citation.cfm?id=2350229.2350245},
 acmid = {2350245},
 publisher = {VLDB Endowment},
}

@MISC{Kang:Pegasus,
    author = {U Kang and Charalampos E. Tsourakakis and Christos Faloutsos},
    title = {PEGASUS: A Peta-Scale Graph Mining System- Implementation and Observations},
    year = {2009}
}

@inproceedings{Leich:BigData,
author = { Marcus Leich and Jochen Adamek and Moritz Schubotz and Arvid Heise and Astrid Rheinl√§nder and Volker Markl },
title = { Applying Stratosphere for Big Data Analytics },
year = { 2013 },
month = { 0 },
booktitle = { Database Systems for Business, Technology, and Web (BTW) },
priority = { 0 }
}