@inproceedings{alexandrov:2011a,
	Author = {Alexandrov, Alexander and Ewen, Stephan and Heimel, Max and Hueske, Fabian and Kao, Odej and Markl, Volker and Nijkamp, Erik and Warneke, Daniel},
	Booktitle = {BTW},
	Pages = {25--44},
	Title = {MapReduce and PACT-Comparing Data Parallel Programming Models.},
	Year = {2011}}



@article{hilbert:s2011a,
	Author = {Hilbert, Martin and L{\'o}pez, Priscila},
	Journal = {Science},
	Number = {6025},
	Pages = {60--65},
	Title = {The worlds technological capacity to store, communicate, and compute information},
	Volume = {332},
	Year = {2011}}



@misc{moore:1965a,
	Author = {Moore, Gordon E and others},
	Title = {Cramming more components onto integrated circuits},
	Year = {1965}}


@webpage{ibm:2014a,
	Lastchecked = {01/08/2014},
	Url = {http://www.ibm.com/big-data/},
	Year = {2014}}



@webpage{ibm:2013a,
	Lastchecked = {01/08/2014},
	Url = {http://www.mskcc.org/pressroom/press/ibm-watson-hard-work-new-breakthroughs-transform-quality-care-patients},
	Year = {2013}}



@article{lohr:yt2012a,
	Author = {Lohr, Steve},
	Journal = {New York Times},
	Title = {The age of big data},
	Volume = {11},
	Year = {2012}}



@article{dean:c2008a,
	Author = {Dean, Jeffrey and Ghemawat, Sanjay},
	Journal = {Communications of the ACM},
	Number = {1},
	Pages = {107--113},
	Title = {{M}ap{R}educe: simplified data processing on large clusters},
	Volume = {51},
	Year = {2008}}


@misc{hadoop:2008a,
	Date-Added = {2014-01-08 16:02:41 +0000},
	Date-Modified = {2014-01-08 16:05:00 +0000},
	Howpublished = {\url{http://hadoop.apache.org/}},
	Keywords = {MapReduce},
	Note = {Cited January 8th 2014},
	Title = {Hadoop},
	Url = {http://hadoop.apache.org/},
	Year = {2008}}



@inproceedings{zaharia:2010a,
	Author = {Zaharia, Matei and Chowdhury, Mosharaf and Franklin, Michael J and Shenker, Scott and Stoica, Ion},
	Booktitle = {Proceedings of the 2nd USENIX conference on Hot topics in cloud computing},
	Pages = {10--10},
	Title = {Spark: cluster computing with working sets},
	Year = {2010}}



@inproceedings{battre:2010a,
	Author = {Battr{\'e}, Dominic and Ewen, Stephan and Hueske, Fabian and Kao, Odej and Markl, Volker and Warneke, Daniel},
	Booktitle = {Proceedings of the 1st ACM symposium on Cloud computing},
	Organization = {ACM},
	Pages = {119--130},
	Title = {Nephele/{PACT}s: a programming model and execution framework for web-scale analytical processing},
	Year = {2010}}



@article{page:1999a,
	Author = {Page, Lawrence and Brin, Sergey and Motwani, Rajeev and Winograd, Terry},
	Title = {The PageRank citation ranking: bringing order to the web.},
	Year = {1999}}




@inproceedings{macqueen:1967a,
	Author = {MacQueen, James and others},
	Booktitle = {Proceedings of the fifth Berkeley symposium on mathematical statistics and probability},
	Number = {281-297},
	Organization = {California, USA},
	Pages = {14},
	Title = {Some methods for classification and analysis of multivariate observations},
	Volume = {1},
	Year = {1967}}



@article{seung:anips2001a,
	Author = {Seung, D and Lee, L},
	Journal = {Advances in neural information processing systems},
	Pages = {556--562},
	Title = {Algorithms for non-negative matrix factorization},
	Volume = {13},
	Year = {2001}}


@inproceedings{ghoting:2011a,
	Author = {Ghoting, Amol and Krishnamurthy, Rajasekar and Pednault, Edwin and Reinwald, Berthold and Sindhwani, Vikas and Tatikonda, Shirish and Tian, Yuanyuan and Vaithyanathan, Shivakumar},
	Booktitle = {Data Engineering (ICDE), 2011 IEEE 27th International Conference on},
	Organization = {IEEE},
	Pages = {231--242},
	Title = {System{M}{L}: Declarative machine learning on {M}ap{R}educe},
	Year = {2011}}



@misc{apache:a2011,
	Author = {Apache},
	Date-Added = {2014-01-09 10:51:32 +0000},
	Date-Modified = {2014-01-09 10:52:54 +0000},
	Howpublished = {\url{http://mahout.apache.org/}},
	Keywords = {Distributed computing, Machine learning},
	Note = {Cited January 9th 2014},
	Title = {Apache Mahout},
	Year = {2011}}



@inproceedings{kang:2009a,
	Author = {Kang, U and Tsourakakis, Charalampos E and Faloutsos, Christos},
	Booktitle = {Data Mining, 2009. ICDM'09. Ninth IEEE International Conference on},
	Organization = {IEEE},
	Pages = {229--238},
	Title = {Pegasus: A peta-scale graph mining system implementation and observations},
	Year = {2009}}


@article{bu:apa2012a,
	Author = {Bu, Yingyi and Borkar, Vinayak and Carey, Michael J and Rosen, Joshua and Polyzotis, Neoklis and Condie, Tyson and Weimer, Markus and Ramakrishnan, Raghu},
	Journal = {arXiv preprint arXiv:1203.0160},
	Title = {Scaling datalog for machine learning on big data},
	Year = {2012}}


@inproceedings{hendren:2011a,
	Author = {Hendren, Laurie},
	Booktitle = {Proceedings of the sixth annual workshop on Domain-specific aspect languages},
	Organization = {ACM},
	Pages = {13--18},
	Title = {Typing aspects for MATLAB},
	Year = {2011}}


@article{ewen:pve2012a,
	Author = {Ewen, Stephan and Tzoumas, Kostas and Kaufmann, Moritz and Markl, Volker},
	Journal = {Proceedings of the VLDB Endowment},
	Number = {11},
	Pages = {1268--1279},
	Title = {Spinning fast iterative data flows},
	Volume = {5},
	Year = {2012}}



@inproceedings{borkar:2011a,
	Author = {Borkar, Vinayak and Carey, Michael and Grover, Raman and Onose, Nicola and Vernica, Rares},
	Booktitle = {Data Engineering (ICDE), 2011 IEEE 27th International Conference on},
	Organization = {IEEE},
	Pages = {1151--1162},
	Title = {Hyracks: A flexible and extensible foundation for data-intensive computing},
	Year = {2011}}



@inproceedings{malewicz:2010a,
	Author = {Malewicz, Grzegorz and Austern, Matthew H and Bik, Aart JC and Dehnert, James C and Horn, Ilan and Leiser, Naty and Czajkowski, Grzegorz},
	Booktitle = {Proceedings of the 2010 ACM SIGMOD International Conference on Management of data},
	Organization = {ACM},
	Pages = {135--146},
	Title = {Pregel: a system for large-scale graph processing},
	Year = {2010}}
