@inproceedings{ghoting:2011a,
	Author = {Ghoting, Amol and Krishnamurthy, Rajasekar and Pednault, Edwin and Reinwald, Berthold and Sindhwani, Vikas and Tatikonda, Shirish and Tian, Yuanyuan and Vaithyanathan, Shivakumar},
	Booktitle = {Data Engineering (ICDE), 2011 IEEE 27th International Conference on},
	Date-Added = {2014-01-07 17:06:32 +0000},
	Date-Modified = {2014-01-10 10:42:02 +0000},
	Keywords = {Language, MapReduce, Linear Algebra},
	Organization = {IEEE},
	Pages = {231--242},
	Rating = {5},
	Read = {1},
	Title = {System{M}{L}: Declarative machine learning on {M}ap{R}educe},
	Year = {2011}}


@inproceedings{zaharia:2010a,
	Author = {Zaharia, Matei and Chowdhury, Mosharaf and Franklin, Michael J and Shenker, Scott and Stoica, Ion},
	Booktitle = {Proceedings of the 2nd USENIX conference on Hot topics in cloud computing},
	Date-Added = {2014-01-07 18:46:09 +0000},
	Date-Modified = {2014-01-07 21:29:11 +0000},
	Keywords = {Programming model, Distributed computing, Parallel dataflow},
	Pages = {10--10},
	Rating = {4},
	Read = {1},
	Title = {Spark: cluster computing with working sets},
	Year = {2010}
	}

	@inproceedings{kang:2009a,
	Author = {Kang, U and Tsourakakis, Charalampos E and Faloutsos, Christos},
	Booktitle = {Data Mining, 2009. ICDM'09. Ninth IEEE International Conference on},
	Date-Added = {2014-01-07 17:26:05 +0000},
	Date-Modified = {2014-01-07 21:29:11 +0000},
	Keywords = {Programming model, Parallel dataflow, MapReduce, Distributed computing},
	Organization = {IEEE},
	Pages = {229--238},
	Rating = {3},
	Read = {1},
	Title = {Pegasus: A peta-scale graph mining system implementation and observations},
	Year = {2009},
	}

	@online{apache:a2011,
	Author = {Apache},
	Date-Added = {2014-01-09 10:51:32 +0000},
	Date-Modified = {2014-01-09 10:52:54 +0000},
	Howpublished = {\url{http://mahout.apache.org/}},
	Keywords = {Distributed computing, Machine learning},
	Note = {Cited January 9th 2014},
	Title = {Apache Mahout},
	Year = {2011}}


